<?xml version="1.0" encoding="UTF-8"?><collection xmlns="http://www.loc.gov/MARC21/slim"><record><leader>00389nam--2200133-i-4500</leader><controlfield tag="001">000004172</controlfield><controlfield tag="002">20161230</controlfield><controlfield tag="005">20161230201025</controlfield><controlfield tag="008">060222s1000------------r-----000-0-eng-d</controlfield><datafield ind1=" " ind2=" " tag="100"><subfield code="a">Bhar, B.N</subfield></datafield><datafield ind1=" " ind2=" " tag="245"><subfield code="a">Some observations on proton magnetic resonance in hydrogen-bonded systems</subfield></datafield><datafield ind1=" " ind2=" " tag="260"><subfield code="a">Stockholm,Almqvist And Wiksell,1957. 33p</subfield></datafield><datafield ind1=" " ind2=" " tag="490"><subfield code="a">Arkiv Fur Fysik,L2,Nr.2,1957</subfield></datafield><datafield ind1=" " ind2=" " tag="852"><subfield code="a">13407</subfield></datafield></record></collection>